@article{mathieu2015deep,
	title={Deep multi-scale video prediction beyond mean square error},
	author={Mathieu, Michael and Couprie, Camille and LeCun, Yann},
	journal={arXiv preprint arXiv:1511.05440},
	year={2015}
}
@inproceedings{goodfellow2014generative,
	title={Generative adversarial nets},
	author={Goodfellow, Ian and Pouget-Abadie, Jean and Mirza, Mehdi and Xu, Bing and Warde-Farley, David and Ozair, Sherjil and Courville, Aaron and Bengio, Yoshua},
	booktitle={Advances in neural information processing systems},
	pages={2672--2680},
	year={2014}
}
@article{soomro2012ucf101,
	title={UCF101: A dataset of 101 human actions classes from videos in the wild},
	author={Soomro, Khurram and Zamir, Amir Roshan and Shah, Mubarak},
	journal={arXiv preprint arXiv:1212.0402},
	year={2012}
}
@ARTICLE{Geiger2013IJRR,
	author = {Andreas Geiger and Philip Lenz and Christoph Stiller and Raquel Urtasun},
	title = {Vision meets Robotics: The KITTI Dataset},
	journal = {International Journal of Robotics Research (IJRR)},
	year = {2013}
}
@inproceedings{zeiler2014visualizing,
	title={Visualizing and understanding convolutional networks},
	author={Zeiler, Matthew D and Fergus, Rob},
	booktitle={European conference on computer vision},
	pages={818--833},
	year={2014},
	organization={Springer}
}
@article{ji20133d,
	title={3D convolutional neural networks for human action recognition},
	author={Ji, Shuiwang and Xu, Wei and Yang, Ming and Yu, Kai},
	journal={IEEE transactions on pattern analysis and machine intelligence},
	volume={35},
	number={1},
	pages={221--231},
	year={2013},
	publisher={IEEE}
}
@inproceedings{briechle2001template,
	title={Template matching using fast normalized cross correlation},
	author={Briechle, Kai and Hanebeck, Uwe D},
	booktitle={Aerospace/Defense Sensing, Simulation, and Controls},
	pages={95--102},
	year={2001},
	organization={International Society for Optics and Photonics}
}
@article{luo2010fast,
	title={A fast normalized cross-correlation calculation method for motion estimation},
	author={Luo, Jianwen and Konofagou, Elisa E},
	journal={IEEE transactions on ultrasonics, ferroelectrics, and frequency control},
	volume={57},
	number={6},
	pages={1347--1357},
	year={2010},
	publisher={IEEE}
}
@article{nakhmani2013new,
	title={A new distance measure based on generalized image normalized cross-correlation for robust video tracking and image recognition},
	author={Nakhmani, Arie and Tannenbaum, Allen},
	journal={Pattern recognition letters},
	volume={34},
	number={3},
	pages={315--321},
	year={2013},
	publisher={Elsevier}
}
@inproceedings{mobahi2009deep,
	title={Deep learning from temporal coherence in video},
	author={Mobahi, Hossein and Collobert, Ronan and Weston, Jason},
	booktitle={Proceedings of the 26th Annual International Conference on Machine Learning},
	pages={737--744},
	year={2009},
	organization={ACM}
}
@inproceedings{hadsell2006dimensionality,
	title={Dimensionality reduction by learning an invariant mapping},
	author={Hadsell, Raia and Chopra, Sumit and LeCun, Yann},
	booktitle={Computer vision and pattern recognition, 2006 IEEE computer society conference on},
	volume={2},
	pages={1735--1742},
	year={2006},
	organization={IEEE}
}
@inproceedings{goroshin2015unsupervised,
	title={Unsupervised learning of spatiotemporally coherent metrics},
	author={Goroshin, Ross and Bruna, Joan and Tompson, Jonathan and Eigen, David and LeCun, Yann},
	booktitle={Proceedings of the IEEE International Conference on Computer Vision},
	pages={4086--4093},
	year={2015}
}
@article{wang2004image,
	title={Image quality assessment: from error visibility to structural similarity},
	author={Wang, Zhou and Bovik, Alan C and Sheikh, Hamid R and Simoncelli, Eero P},
	journal={IEEE transactions on image processing},
	volume={13},
	number={4},
	pages={600--612},
	year={2004},
	publisher={IEEE}
}
@article{brox2011large,
	title={Large displacement optical flow: descriptor matching in variational motion estimation},
	author={Brox, Thomas and Malik, Jitendra},
	journal={IEEE transactions on pattern analysis and machine intelligence},
	volume={33},
	number={3},
	pages={500--513},
	year={2011},
	publisher={IEEE}
}
@inproceedings{KarpathyCVPR14,
	title     = {Large-scale Video Classification with Convolutional Neural Networks},
	author    = {Andrej Karpathy and George Toderici and Sanketh Shetty and Thomas Leung and Rahul Sukthankar and Li Fei-Fei},
	year      = {2014},
	booktitle = {CVPR}
}


